@book{guy_heartview,
	address = {Toronto, Canada},
	author = {Guy Meyer},
	title = {HeartView},
	year = {2020},
	edition = {1},
	month = {August}
}


@online{sqrl_pacemaker,
	author = {SQRL McMaster},
	title = {{Pacemaker} {Formal Methods} Challenge},
	year = 2007,
	url = {http://sqrl.mcmaster.ca/pacemaker_docs.htm},
	urldate = {2020-08-06}
}

@online{van_gogh,
	author = {Vincent Van Gogh},
	title = {Wheat Field with Cypresses},
	year = 1889,
	url = {https://www.rawpixel.com/image/537404/free-illustration-image-van-gogh-painting-van-gogh},
	urldate = {2020-08-19}
}

@online{piklist,
	author = {https://www.pikist.com/},
	title = {free-photo-srzhg},
	year = 2020,
	url = {https://www.pikist.com/free-photo-srzhg},
	urldate = {2020-08-19}
}

@online{dr_med,
	author = {Dr. med. Frank-Michael Malur, HELIOS Klinikum Erfurt, Dr. med. Frank-Michael Malur, MHBA, Leitender Oberarzt, 3. Medizinische Klinik},
	title = {ECG Printout of a heart failure patient with CCM therapy},
	year = 2015,
	url = {https://upload.wikimedia.org/wikipedia/commons/3/31/ECG_Printout_of_a_heart_failure_patient_with_CCM_therapy.png},
	urldate = {2020-08-19}
}



